@IEEEtranBSTCTL{bstctl:etal,
  CTLuse_forced_etal = {yes},
  CTLmax_names_forced_etal = {3},
}

@IEEEtranBSTCTL{bstctl:nodash,
  CTLdash_repeated_names = {no},
}

@IEEEtranBSTCTL{bstctl:simpurl,
  CTLname_url_prefix = {Available: },
}
@article{kedlaya2011fast,
  title={Fast polynomial factorization and modular composition},
  author={Kedlaya, Kiran S and Umans, Christopher},
  journal={SIAM Journal on Computing},
  volume={40},
  number={6},
  pages={1767--1802},
  year={2011},
  publisher={SIAM}
}}
